<record><leader>00000cas a22000007a 4500</leader><controlfield tag="001">40144725</controlfield><controlfield tag="008">981021c19839999meuar ne      0    0eng d</controlfield><datafield ind1=" " ind2=" " tag="010"><subfield code="a">sn 98065843 </subfield></datafield><datafield ind1=" " ind2=" " tag="040"><subfield code="a">MBN</subfield><subfield code="b">eng</subfield><subfield code="c">MBN</subfield><subfield code="d">OCLCQ</subfield><subfield code="d">OCLCO</subfield></datafield><datafield ind1="1" ind2=" " tag="029"><subfield code="a">AU@</subfield><subfield code="b">000014247803</subfield></datafield><datafield ind1=" " ind2=" " tag="042"><subfield code="a">msc</subfield></datafield><datafield ind1="0" ind2=" " tag="130"><subfield code="a">Squirrel Island squid (Squirrel Island, Me. : 1983)</subfield></datafield><datafield ind1="0" ind2="0" tag="245"><subfield code="a">Squirrel Island squid.</subfield></datafield><datafield ind1=" " ind2=" " tag="260"><subfield code="a">Squirrel Island, Me. :</subfield><subfield code="b">[s.n.]</subfield></datafield><datafield ind1=" " ind2=" " tag="300"><subfield code="a">v.</subfield></datafield><datafield ind1=" " ind2=" " tag="310"><subfield code="a">1 issue per summer,</subfield><subfield code="b">1992-</subfield></datafield><datafield ind1=" " ind2=" " tag="321"><subfield code="a">Two issues per summer,</subfield><subfield code="b">1983-1991</subfield></datafield><datafield ind1="0" ind2=" " tag="362"><subfield code="a">Vol. 18, no. 1 (July 27, 1983)-</subfield></datafield><datafield ind1=" " ind2=" " tag="500"><subfield code="a">Squirrel Island is a resort village in Southport, Me.</subfield></datafield><datafield ind1=" " ind2="0" tag="651"><subfield code="a">Squirrel Island (Me.)</subfield><subfield code="v">Newspapers.</subfield></datafield><datafield ind1=" " ind2="0" tag="651"><subfield code="a">Southport (Me.)</subfield><subfield code="v">Newspapers.</subfield></datafield><datafield ind1=" " ind2=" " tag="752"><subfield code="a">United States</subfield><subfield code="b">Maine</subfield><subfield code="c">Lincoln</subfield><subfield code="d">Southport.</subfield></datafield></record>